<?xml version='1.0' encoding='UTF-8'?>
<record xmlns="http://www.loc.gov/MARC21/slim">
  <leader>02072cam a2200433 a 4500</leader>
  <controlfield tag="001">2795671</controlfield>
  <controlfield tag="003">NjP</controlfield>
  <controlfield tag="005">20171013183241.0</controlfield>
  <controlfield tag="008">000217s1901    mr            000 0 ara d</controlfield>
  <datafield tag="024" ind1="7" ind2=" ">
    <subfield code="a">princeton_aco001914</subfield>
    <subfield code="2">local</subfield>
  </datafield>
  <datafield ind1=" " ind2=" " tag="035">
    <subfield code="a">(OCoLC)ocn178736882</subfield>
  </datafield>
  <datafield ind1=" " ind2=" " tag="035">
    <subfield code="a">(OCoLC)178736882</subfield>
  </datafield>
  <datafield ind1=" " ind2=" " tag="035">
    <subfield code="9">CNK5636TS</subfield>
  </datafield>
  <datafield ind1=" " ind2=" " tag="035">
    <subfield code="a">(NjP)2795671</subfield>
  </datafield>
  <datafield ind1=" " ind2=" " tag="040">
    <subfield code="a">NjP</subfield>
    <subfield code="c">PUL</subfield>
    <subfield code="d">PUL</subfield>
  </datafield>
  <datafield ind1=" " ind2=" " tag="049">
    <subfield code="a">PULL</subfield>
  </datafield>
  <datafield ind1=" " ind2=" " tag="079">
    <subfield code="a">ocm80226853</subfield>
  </datafield>
  <datafield ind1="0" ind2=" " tag="100">
    <subfield code="6">880-01</subfield>
    <subfield code="a">ʻAbd al-Qādir al-Fāsī,</subfield>
    <subfield code="d">1599-1680.</subfield>
    <subfield code="0">http://id.loc.gov/authorities/names/nr91019769</subfield>
  </datafield>
  <datafield ind1="1" ind2="0" tag="240">
    <subfield code="6">880-02</subfield>
    <subfield code="a">Ajwibah al-kubrá</subfield>
  </datafield>
  <datafield ind1="1" ind2="0" tag="245">
    <subfield code="6">880-03</subfield>
    <subfield code="a">Hādhihi al-Ajwibah al-kubrá /</subfield>
    <subfield code="c">lil-Shaykh Abī Muḥammad ʻAbd al-Qādir ibn ʻAlī ibn Yūsuf al-Fāsī. Wa-bi-hāmishihā al-Ajwibah al-ṣughrá / la-hu ayḍan.</subfield>
  </datafield>
  <datafield ind1="3" ind2="0" tag="246">
    <subfield code="6">880-04</subfield>
    <subfield code="a">Ajwibah al-kubrá</subfield>
  </datafield>
  <datafield ind1=" " ind2=" " tag="260">
    <subfield code="6">880-05</subfield>
    <subfield code="a">[Morocco :</subfield>
    <subfield code="b">s.n.],</subfield>
    <subfield code="c">1318 [1901]</subfield>
  </datafield>
  <datafield ind1=" " ind2=" " tag="300">
    <subfield code="a">436, 3 p. ;</subfield>
    <subfield code="c">22 cm.</subfield>
  </datafield>
  <datafield ind1=" " ind2="0" tag="650">
    <subfield code="a">Fatwas</subfield>
    <subfield code="v">Early works to 1800.</subfield>
    <subfield code="0">http://id.loc.gov/authorities/subjects/sh2008120309</subfield>
  </datafield>
  <datafield ind1=" " ind2="0" tag="650">
    <subfield code="a">Islamic law</subfield>
    <subfield code="v">Early works to 1800.</subfield>
    <subfield code="0">http://id.loc.gov/authorities/subjects/sh2008104963</subfield>
  </datafield>
  <datafield ind1=" " ind2="7" tag="655">
    <subfield code="a">Lithographs</subfield>
    <subfield code="z">Morocco</subfield>
    <subfield code="y">1901</subfield>
    <subfield code="2">gmgpc</subfield>
  </datafield>
  <datafield ind1="0" ind2="2" tag="700">
    <subfield code="6">880-06</subfield>
    <subfield code="a">ʻAbd al-Qādir al-Fāsī,</subfield>
    <subfield code="d">1599-1680.</subfield>
    <subfield code="t">Ajwibah al-ṣughrá.</subfield>
    <subfield code="0">http://id.loc.gov/authorities/names/nr91019769</subfield>
  </datafield>
  <datafield ind1="0" ind2=" " tag="740">
    <subfield code="6">880-07</subfield>
    <subfield code="a">Ajwibah al-ṣughrá.</subfield>
  </datafield>
  <datafield ind1="0" ind2=" " tag="880">
    <subfield code="6">100-01/r</subfield>
    <subfield code="a">عبد القادر الفاسي،</subfield>
    <subfield code="d">1599-1680.</subfield>
  </datafield>
  <datafield ind1="1" ind2="0" tag="880">
    <subfield code="6">240-02/r</subfield>
    <subfield code="a">اجوبة الكبرى</subfield>
  </datafield>
  <datafield ind1="1" ind2="0" tag="880">
    <subfield code="6">245-03/r</subfield>
    <subfield code="a">هذه الاجوبة الكبرى /</subfield>
    <subfield code="c">للشيخ ابي محمد عبد القادر بن علي بن يوسف الفاسي. وبهامشها الاجوبة الصغرى / له ايضا.</subfield>
  </datafield>
  <datafield ind1="3" ind2="0" tag="880">
    <subfield code="6">246-04/r</subfield>
    <subfield code="a">اجوبة الكبرى</subfield>
  </datafield>
  <datafield ind1=" " ind2=" " tag="880">
    <subfield code="6">260-05/r</subfield>
    <subfield code="a">[مغرب :</subfield>
    <subfield code="b">s.n.]،</subfield>
    <subfield code="c">1318 [1901]</subfield>
  </datafield>
  <datafield ind1="0" ind2="2" tag="880">
    <subfield code="6">700-06/r</subfield>
    <subfield code="a">عبد القادر الفاسي،</subfield>
    <subfield code="d">1599-1680.</subfield>
    <subfield code="t">اجوبة الصغرى.</subfield>
  </datafield>
  <datafield ind1="0" ind2=" " tag="880">
    <subfield code="6">740-07/r</subfield>
    <subfield code="a">اجوبة الصغرى.</subfield>
  </datafield>
  <datafield ind1=" " ind2=" " tag="948">
    <subfield code="a">jeb</subfield>
  </datafield>
  <datafield ind1=" " ind2=" " tag="911">
    <subfield code="a">20000217</subfield>
  </datafield>
  <datafield ind1=" " ind2=" " tag="912">
    <subfield code="a">20000217033324.0</subfield>
  </datafield>
  <datafield ind1=" " ind2=" " tag="994">
    <subfield code="a">C0</subfield>
    <subfield code="b">PUL</subfield>
  </datafield>
  <datafield ind1=" " ind2=" " tag="999">
    <subfield code="a">2795671</subfield>
  </datafield>
  <datafield ind1="0" ind2="0" tag="852">
    <subfield code="0">3107259</subfield>
    <subfield code="b">nec</subfield>
    <subfield code="t">1</subfield>
    <subfield code="h">KBP491</subfield>
    <subfield code="i">.A233 1901</subfield>
  </datafield>
  <datafield ind1=" " ind2=" " tag="959">
    <subfield code="a">2000-06-13 00:00:00 -0500</subfield>
  </datafield>
</record>
